{
    "symbol": "PBIP",
    "annualReports": [
        {
            "fiscalDateEnding": "2019-09-30",
            "reportedCurrency": "USD",
            "totalRevenue": "27845000",
            "totalOperatingExpense": "15389000",
            "costOfRevenue": "None",
            "grossProfit": "27745000",
            "ebit": "None",
            "netIncome": "9530000",
            "researchAndDevelopment": "None",
            "effectOfAccountingCharges": "None",
            "incomeBeforeTax": "11680000",
            "minorityInterest": "None",
            "sellingGeneralAdministrative": "10652000",
            "otherNonOperatingIncome": "None",
            "operatingIncome": "12356000",
            "otherOperatingExpense": "2162000",
            "interestExpense": "19289000",
            "taxProvision": "2150000",
            "interestIncome": "44040000",
            "netInterestIncome": "24751000",
            "extraordinaryItems": "None",
            "nonRecurring": "None",
            "otherItems": "None",
            "incomeTaxExpense": "2150000",
            "totalOtherIncomeExpense": "-676000",
            "discontinuedOperations": "None",
            "netIncomeFromContinuingOperations": "9530000",
            "netIncomeApplicableToCommonShares": "9530000",
            "preferredStockAndOtherAdjustments": "None"
        },
        {
            "fiscalDateEnding": "2018-09-30",
            "reportedCurrency": "USD",
            "totalRevenue": "27214000",
            "totalOperatingExpense": "15047000",
            "costOfRevenue": "10947000",
            "grossProfit": "26404000",
            "ebit": "0",
            "netIncome": "7064000",
            "researchAndDevelopment": "None",
            "effectOfAccountingCharges": "None",
            "incomeBeforeTax": "10765000",
            "minorityInterest": "None",
            "sellingGeneralAdministrative": "9764000",
            "otherNonOperatingIncome": "None",
            "operatingIncome": "11357000",
            "otherOperatingExpense": "1991000",
            "interestExpense": "10137000",
            "taxProvision": "3701000",
            "interestIncome": "34851000",
            "netInterestIncome": "24714000",
            "extraordinaryItems": "-1756000",
            "nonRecurring": "None",
            "otherItems": "None",
            "incomeTaxExpense": "3701000",
            "totalOtherIncomeExpense": "-592000",
            "discontinuedOperations": "None",
            "netIncomeFromContinuingOperations": "7064000",
            "netIncomeApplicableToCommonShares": "7064000",
            "preferredStockAndOtherAdjustments": "None"
        },
        {
            "fiscalDateEnding": "2017-09-30",
            "reportedCurrency": "USD",
            "totalRevenue": "23275000",
            "totalOperatingExpense": "13819000",
            "costOfRevenue": "8256000",
            "grossProfit": "20285000",
            "ebit": "0",
            "netIncome": "2778000",
            "researchAndDevelopment": "None",
            "effectOfAccountingCharges": "None",
            "incomeBeforeTax": "3719000",
            "minorityInterest": "None",
            "sellingGeneralAdministrative": "8823000",
            "otherNonOperatingIncome": "None",
            "operatingIncome": "6466000",
            "otherOperatingExpense": "2210000",
            "interestExpense": "5266000",
            "taxProvision": "941000",
            "interestIncome": "26343000",
            "netInterestIncome": "21077000",
            "extraordinaryItems": "None",
            "nonRecurring": "None",
            "otherItems": "None",
            "incomeTaxExpense": "941000",
            "totalOtherIncomeExpense": "-2747000",
            "discontinuedOperations": "None",
            "netIncomeFromContinuingOperations": "2778000",
            "netIncomeApplicableToCommonShares": "2778000",
            "preferredStockAndOtherAdjustments": "None"
        },
        {
            "fiscalDateEnding": "2016-09-30",
            "reportedCurrency": "USD",
            "totalRevenue": "15494000",
            "totalOperatingExpense": "10575000",
            "costOfRevenue": "3551000",
            "grossProfit": "15269000",
            "ebit": "0",
            "netIncome": "2720000",
            "researchAndDevelopment": "None",
            "effectOfAccountingCharges": "None",
            "incomeBeforeTax": "3979000",
            "minorityInterest": "None",
            "sellingGeneralAdministrative": "7897000",
            "otherNonOperatingIncome": "None",
            "operatingIncome": "4694000",
            "otherOperatingExpense": "1004000",
            "interestExpense": "3326000",
            "taxProvision": "1259000",
            "interestIncome": "17483000",
            "netInterestIncome": "14157000",
            "extraordinaryItems": "None",
            "nonRecurring": "None",
            "otherItems": "None",
            "incomeTaxExpense": "1259000",
            "totalOtherIncomeExpense": "-715000",
            "discontinuedOperations": "None",
            "netIncomeFromContinuingOperations": "2720000",
            "netIncomeApplicableToCommonShares": "2720000",
            "preferredStockAndOtherAdjustments": "None"
        },
        {
            "fiscalDateEnding": "2015-09-30",
            "reportedCurrency": "USD",
            "totalRevenue": "13459000",
            "totalOperatingExpense": "12839000",
            "costOfRevenue": "4165000",
            "grossProfit": "13459000",
            "ebit": "0",
            "netIncome": "2232000",
            "researchAndDevelopment": "None",
            "effectOfAccountingCharges": "None",
            "incomeBeforeTax": "2348000",
            "minorityInterest": "None",
            "sellingGeneralAdministrative": "11311000",
            "otherNonOperatingIncome": "None",
            "operatingIncome": "620000",
            "otherOperatingExpense": "1528000",
            "interestExpense": "3430000",
            "taxProvision": "116000",
            "interestIncome": "16680000",
            "netInterestIncome": "13250000",
            "extraordinaryItems": "None",
            "nonRecurring": "None",
            "otherItems": "None",
            "incomeTaxExpense": "116000",
            "totalOtherIncomeExpense": "1728000",
            "discontinuedOperations": "None",
            "netIncomeFromContinuingOperations": "2232000",
            "netIncomeApplicableToCommonShares": "2232000",
            "preferredStockAndOtherAdjustments": "None"
        }
    ],
    "quarterlyReports": [
        {
            "fiscalDateEnding": "2020-06-30",
            "reportedCurrency": "USD",
            "totalRevenue": "9067000",
            "totalOperatingExpense": "None",
            "costOfRevenue": "None",
            "grossProfit": "None",
            "ebit": "None",
            "netIncome": "3620000",
            "researchAndDevelopment": "None",
            "effectOfAccountingCharges": "None",
            "incomeBeforeTax": "4321000",
            "minorityInterest": "None",
            "sellingGeneralAdministrative": "2648000",
            "otherNonOperatingIncome": "None",
            "operatingIncome": "None",
            "otherOperatingExpense": "519000",
            "interestExpense": "4486000",
            "taxProvision": "701000",
            "interestIncome": "9791000",
            "netInterestIncome": "5305000",
            "extraordinaryItems": "None",
            "nonRecurring": "None",
            "otherItems": "None",
            "incomeTaxExpense": "701000",
            "totalOtherIncomeExpense": "None",
            "discontinuedOperations": "None",
            "netIncomeFromContinuingOperations": "3620000",
            "netIncomeApplicableToCommonShares": "3620000",
            "preferredStockAndOtherAdjustments": "None"
        },
        {
            "fiscalDateEnding": "2020-03-31",
            "reportedCurrency": "USD",
            "totalRevenue": "8456000",
            "totalOperatingExpense": "None",
            "costOfRevenue": "None",
            "grossProfit": "None",
            "ebit": "None",
            "netIncome": "2924000",
            "researchAndDevelopment": "None",
            "effectOfAccountingCharges": "None",
            "incomeBeforeTax": "3496000",
            "minorityInterest": "None",
            "sellingGeneralAdministrative": "3180000",
            "otherNonOperatingIncome": "None",
            "operatingIncome": "None",
            "otherOperatingExpense": "522000",
            "interestExpense": "5222000",
            "taxProvision": "572000",
            "interestIncome": "11010000",
            "netInterestIncome": "5788000",
            "extraordinaryItems": "None",
            "nonRecurring": "None",
            "otherItems": "None",
            "incomeTaxExpense": "572000",
            "totalOtherIncomeExpense": "None",
            "discontinuedOperations": "None",
            "netIncomeFromContinuingOperations": "2924000",
            "netIncomeApplicableToCommonShares": "2924000",
            "preferredStockAndOtherAdjustments": "None"
        },
        {
            "fiscalDateEnding": "2019-12-31",
            "reportedCurrency": "USD",
            "totalRevenue": "7175000",
            "totalOperatingExpense": "3991000",
            "costOfRevenue": "None",
            "grossProfit": "7050000",
            "ebit": "None",
            "netIncome": "2463000",
            "researchAndDevelopment": "None",
            "effectOfAccountingCharges": "None",
            "incomeBeforeTax": "3029000",
            "minorityInterest": "None",
            "sellingGeneralAdministrative": "2588000",
            "otherNonOperatingIncome": "None",
            "operatingIncome": "3059000",
            "otherOperatingExpense": "640000",
            "interestExpense": "5484000",
            "taxProvision": "566000",
            "interestIncome": "11827000",
            "netInterestIncome": "6343000",
            "extraordinaryItems": "None",
            "nonRecurring": "None",
            "otherItems": "None",
            "incomeTaxExpense": "566000",
            "totalOtherIncomeExpense": "-30000",
            "discontinuedOperations": "None",
            "netIncomeFromContinuingOperations": "2463000",
            "netIncomeApplicableToCommonShares": "2463000",
            "preferredStockAndOtherAdjustments": "None"
        },
        {
            "fiscalDateEnding": "2019-09-30",
            "reportedCurrency": "USD",
            "totalRevenue": "7182000",
            "totalOperatingExpense": "3711000",
            "costOfRevenue": "None",
            "grossProfit": "7082000",
            "ebit": "None",
            "netIncome": "2586000",
            "researchAndDevelopment": "None",
            "effectOfAccountingCharges": "None",
            "incomeBeforeTax": "3345000",
            "minorityInterest": "None",
            "sellingGeneralAdministrative": "2536000",
            "otherNonOperatingIncome": "None",
            "operatingIncome": "3371000",
            "otherOperatingExpense": "411000",
            "interestExpense": "5434000",
            "taxProvision": "759000",
            "interestIncome": "11631000",
            "netInterestIncome": "6197000",
            "extraordinaryItems": "None",
            "nonRecurring": "None",
            "otherItems": "None",
            "incomeTaxExpense": "759000",
            "totalOtherIncomeExpense": "-26000",
            "discontinuedOperations": "None",
            "netIncomeFromContinuingOperations": "2586000",
            "netIncomeApplicableToCommonShares": "2586000",
            "preferredStockAndOtherAdjustments": "None"
        },
        {
            "fiscalDateEnding": "2019-06-30",
            "reportedCurrency": "USD",
            "totalRevenue": "7402000",
            "totalOperatingExpense": "3906000",
            "costOfRevenue": "None",
            "grossProfit": "7402000",
            "ebit": "None",
            "netIncome": "2630000",
            "researchAndDevelopment": "None",
            "effectOfAccountingCharges": "None",
            "incomeBeforeTax": "3212000",
            "minorityInterest": "None",
            "sellingGeneralAdministrative": "2763000",
            "otherNonOperatingIncome": "None",
            "operatingIncome": "3496000",
            "otherOperatingExpense": "627000",
            "interestExpense": "5058000",
            "taxProvision": "582000",
            "interestIncome": "11273000",
            "netInterestIncome": "6215000",
            "extraordinaryItems": "None",
            "nonRecurring": "None",
            "otherItems": "None",
            "incomeTaxExpense": "582000",
            "totalOtherIncomeExpense": "-284000",
            "discontinuedOperations": "None",
            "netIncomeFromContinuingOperations": "2630000",
            "netIncomeApplicableToCommonShares": "2630000",
            "preferredStockAndOtherAdjustments": "None"
        },
        {
            "fiscalDateEnding": "2019-03-31",
            "reportedCurrency": "USD",
            "totalRevenue": "6866000",
            "totalOperatingExpense": "3991000",
            "costOfRevenue": "None",
            "grossProfit": "6866000",
            "ebit": "None",
            "netIncome": "2340000",
            "researchAndDevelopment": "None",
            "effectOfAccountingCharges": "None",
            "incomeBeforeTax": "2720000",
            "minorityInterest": "None",
            "sellingGeneralAdministrative": "2673000",
            "otherNonOperatingIncome": "None",
            "operatingIncome": "2875000",
            "otherOperatingExpense": "640000",
            "interestExpense": "4811000",
            "taxProvision": "380000",
            "interestIncome": "11135000",
            "netInterestIncome": "6324000",
            "extraordinaryItems": "None",
            "nonRecurring": "None",
            "otherItems": "None",
            "incomeTaxExpense": "380000",
            "totalOtherIncomeExpense": "-155000",
            "discontinuedOperations": "None",
            "netIncomeFromContinuingOperations": "2340000",
            "netIncomeApplicableToCommonShares": "2340000",
            "preferredStockAndOtherAdjustments": "None"
        },
        {
            "fiscalDateEnding": "2018-12-31",
            "reportedCurrency": "USD",
            "totalRevenue": "6395000",
            "totalOperatingExpense": "3959000",
            "costOfRevenue": "3986000",
            "grossProfit": "6395000",
            "ebit": "0",
            "netIncome": "1974000",
            "researchAndDevelopment": "None",
            "effectOfAccountingCharges": "None",
            "incomeBeforeTax": "2403000",
            "minorityInterest": "None",
            "sellingGeneralAdministrative": "3297000",
            "otherNonOperatingIncome": "None",
            "operatingIncome": "2436000",
            "otherOperatingExpense": "662000",
            "interestExpense": "None",
            "taxProvision": "None",
            "interestIncome": "None",
            "netInterestIncome": "None",
            "extraordinaryItems": "None",
            "nonRecurring": "None",
            "otherItems": "None",
            "incomeTaxExpense": "429000",
            "totalOtherIncomeExpense": "-33000",
            "discontinuedOperations": "None",
            "netIncomeFromContinuingOperations": "1974000",
            "netIncomeApplicableToCommonShares": "1974000",
            "preferredStockAndOtherAdjustments": "None"
        },
        {
            "fiscalDateEnding": "2018-09-30",
            "reportedCurrency": "USD",
            "totalRevenue": "6536000",
            "totalOperatingExpense": "3701000",
            "costOfRevenue": "3526000",
            "grossProfit": "6536000",
            "ebit": "0",
            "netIncome": "2437000",
            "researchAndDevelopment": "0",
            "effectOfAccountingCharges": "0",
            "incomeBeforeTax": "2579000",
            "minorityInterest": "0",
            "sellingGeneralAdministrative": "3170000",
            "otherNonOperatingIncome": "None",
            "operatingIncome": "2835000",
            "otherOperatingExpense": "531000",
            "interestExpense": "10137000",
            "taxProvision": "None",
            "interestIncome": "None",
            "netInterestIncome": "None",
            "extraordinaryItems": "0",
            "nonRecurring": "0",
            "otherItems": "0",
            "incomeTaxExpense": "142000",
            "totalOtherIncomeExpense": "-256000",
            "discontinuedOperations": "0",
            "netIncomeFromContinuingOperations": "2437000",
            "netIncomeApplicableToCommonShares": "2437000",
            "preferredStockAndOtherAdjustments": "None"
        },
        {
            "fiscalDateEnding": "2018-06-30",
            "reportedCurrency": "USD",
            "totalRevenue": "6882000",
            "totalOperatingExpense": "3646000",
            "costOfRevenue": "3034000",
            "grossProfit": "6882000",
            "ebit": "0",
            "netIncome": "2436000",
            "researchAndDevelopment": "0",
            "effectOfAccountingCharges": "0",
            "incomeBeforeTax": "3112000",
            "minorityInterest": "0",
            "sellingGeneralAdministrative": "3193000",
            "otherNonOperatingIncome": "None",
            "operatingIncome": "3236000",
            "otherOperatingExpense": "453000",
            "interestExpense": "0",
            "taxProvision": "None",
            "interestIncome": "None",
            "netInterestIncome": "None",
            "extraordinaryItems": "0",
            "nonRecurring": "0",
            "otherItems": "0",
            "incomeTaxExpense": "676000",
            "totalOtherIncomeExpense": "-124000",
            "discontinuedOperations": "0",
            "netIncomeFromContinuingOperations": "2436000",
            "netIncomeApplicableToCommonShares": "2436000",
            "preferredStockAndOtherAdjustments": "None"
        },
        {
            "fiscalDateEnding": "2018-03-31",
            "reportedCurrency": "USD",
            "totalRevenue": "6645000",
            "totalOperatingExpense": "3755000",
            "costOfRevenue": "2277000",
            "grossProfit": "6645000",
            "ebit": "0",
            "netIncome": "2157000",
            "researchAndDevelopment": "0",
            "effectOfAccountingCharges": "0",
            "incomeBeforeTax": "2776000",
            "minorityInterest": "0",
            "sellingGeneralAdministrative": "2345000",
            "otherNonOperatingIncome": "None",
            "operatingIncome": "4144000",
            "otherOperatingExpense": "550000",
            "interestExpense": "0",
            "taxProvision": "None",
            "interestIncome": "None",
            "netInterestIncome": "None",
            "extraordinaryItems": "0",
            "nonRecurring": "0",
            "otherItems": "0",
            "incomeTaxExpense": "619000",
            "totalOtherIncomeExpense": "-114000",
            "discontinuedOperations": "0",
            "netIncomeFromContinuingOperations": "2157000",
            "netIncomeApplicableToCommonShares": "2157000",
            "preferredStockAndOtherAdjustments": "None"
        },
        {
            "fiscalDateEnding": "2017-12-31",
            "reportedCurrency": "USD",
            "totalRevenue": "6341000",
            "totalOperatingExpense": "4006000",
            "costOfRevenue": "2110000",
            "grossProfit": "6341000",
            "ebit": "0",
            "netIncome": "34000",
            "researchAndDevelopment": "0",
            "effectOfAccountingCharges": "0",
            "incomeBeforeTax": "2298000",
            "minorityInterest": "0",
            "sellingGeneralAdministrative": "2245000",
            "otherNonOperatingIncome": "None",
            "operatingIncome": "3940000",
            "otherOperatingExpense": "518000",
            "interestExpense": "0",
            "taxProvision": "None",
            "interestIncome": "None",
            "netInterestIncome": "None",
            "extraordinaryItems": "0",
            "nonRecurring": "0",
            "otherItems": "0",
            "incomeTaxExpense": "2264000",
            "totalOtherIncomeExpense": "-37000",
            "discontinuedOperations": "0",
            "netIncomeFromContinuingOperations": "34000",
            "netIncomeApplicableToCommonShares": "34000",
            "preferredStockAndOtherAdjustments": "None"
        },
        {
            "fiscalDateEnding": "2017-09-30",
            "reportedCurrency": "USD",
            "totalRevenue": "92362000",
            "totalOperatingExpense": "54393000",
            "costOfRevenue": "2068000",
            "grossProfit": "92362000",
            "ebit": "-21935000",
            "netIncome": "2071000",
            "researchAndDevelopment": "0",
            "effectOfAccountingCharges": "0",
            "incomeBeforeTax": "2782000",
            "minorityInterest": "0",
            "sellingGeneralAdministrative": "1875000",
            "otherNonOperatingIncome": "None",
            "operatingIncome": "4226000",
            "otherOperatingExpense": "4874000",
            "interestExpense": "2402000",
            "taxProvision": "None",
            "interestIncome": "None",
            "netInterestIncome": "None",
            "extraordinaryItems": "0",
            "nonRecurring": "0",
            "otherItems": "0",
            "incomeTaxExpense": "711000",
            "totalOtherIncomeExpense": "-16893000",
            "discontinuedOperations": "0",
            "netIncomeFromContinuingOperations": "696000",
            "netIncomeApplicableToCommonShares": "2071000",
            "preferredStockAndOtherAdjustments": "None"
        },
        {
            "fiscalDateEnding": "2017-06-30",
            "reportedCurrency": "USD",
            "totalRevenue": "72077000",
            "totalOperatingExpense": "-40574000",
            "costOfRevenue": "1409000",
            "grossProfit": "-72077000",
            "ebit": "21935000",
            "netIncome": "2116000",
            "researchAndDevelopment": "0",
            "effectOfAccountingCharges": "0",
            "incomeBeforeTax": "3147000",
            "minorityInterest": "0",
            "sellingGeneralAdministrative": "1884000",
            "otherNonOperatingIncome": "None",
            "operatingIncome": "4605000",
            "otherOperatingExpense": "-2664000",
            "interestExpense": "2864000",
            "taxProvision": "None",
            "interestIncome": "None",
            "netInterestIncome": "None",
            "extraordinaryItems": "0",
            "nonRecurring": "0",
            "otherItems": "0",
            "incomeTaxExpense": "1031000",
            "totalOtherIncomeExpense": "14146000",
            "discontinuedOperations": "0",
            "netIncomeFromContinuingOperations": "2082000",
            "netIncomeApplicableToCommonShares": "2116000",
            "preferredStockAndOtherAdjustments": "None"
        },
        {
            "fiscalDateEnding": "2017-03-31",
            "reportedCurrency": "USD",
            "totalRevenue": "0",
            "totalOperatingExpense": "0",
            "costOfRevenue": "3737000",
            "grossProfit": "0",
            "ebit": "0",
            "netIncome": "-731000",
            "researchAndDevelopment": "0",
            "effectOfAccountingCharges": "0",
            "incomeBeforeTax": "-1101000",
            "minorityInterest": "0",
            "sellingGeneralAdministrative": "2140000",
            "otherNonOperatingIncome": "None",
            "operatingIncome": "1151000",
            "otherOperatingExpense": "0",
            "interestExpense": "0",
            "taxProvision": "None",
            "interestIncome": "None",
            "netInterestIncome": "None",
            "extraordinaryItems": "0",
            "nonRecurring": "0",
            "otherItems": "0",
            "incomeTaxExpense": "-370000",
            "totalOtherIncomeExpense": "0",
            "discontinuedOperations": "0",
            "netIncomeFromContinuingOperations": "0",
            "netIncomeApplicableToCommonShares": "-731000",
            "preferredStockAndOtherAdjustments": "None"
        },
        {
            "fiscalDateEnding": "2016-12-31",
            "reportedCurrency": "USD",
            "totalRevenue": "0",
            "totalOperatingExpense": "0",
            "costOfRevenue": "1042000",
            "grossProfit": "0",
            "ebit": "0",
            "netIncome": "731000",
            "researchAndDevelopment": "0",
            "effectOfAccountingCharges": "0",
            "incomeBeforeTax": "1101000",
            "minorityInterest": "0",
            "sellingGeneralAdministrative": "1569000",
            "otherNonOperatingIncome": "None",
            "operatingIncome": "2170000",
            "otherOperatingExpense": "0",
            "interestExpense": "0",
            "taxProvision": "None",
            "interestIncome": "None",
            "netInterestIncome": "None",
            "extraordinaryItems": "0",
            "nonRecurring": "0",
            "otherItems": "0",
            "incomeTaxExpense": "370000",
            "totalOtherIncomeExpense": "0",
            "discontinuedOperations": "0",
            "netIncomeFromContinuingOperations": "0",
            "netIncomeApplicableToCommonShares": "731000",
            "preferredStockAndOtherAdjustments": "None"
        },
        {
            "fiscalDateEnding": "2016-09-30",
            "reportedCurrency": "USD",
            "totalRevenue": "15269000",
            "totalOperatingExpense": "10575000",
            "costOfRevenue": "853000",
            "grossProfit": "15269000",
            "ebit": "0",
            "netIncome": "982000",
            "researchAndDevelopment": "0",
            "effectOfAccountingCharges": "0",
            "incomeBeforeTax": "1405000",
            "minorityInterest": "0",
            "sellingGeneralAdministrative": "1364000",
            "otherNonOperatingIncome": "None",
            "operatingIncome": "2741000",
            "otherOperatingExpense": "1004000",
            "interestExpense": "3326000",
            "taxProvision": "None",
            "interestIncome": "None",
            "netInterestIncome": "None",
            "extraordinaryItems": "0",
            "nonRecurring": "0",
            "otherItems": "0",
            "incomeTaxExpense": "423000",
            "totalOtherIncomeExpense": "-715000",
            "discontinuedOperations": "0",
            "netIncomeFromContinuingOperations": "2720000",
            "netIncomeApplicableToCommonShares": "982000",
            "preferredStockAndOtherAdjustments": "None"
        },
        {
            "fiscalDateEnding": "2016-06-30",
            "reportedCurrency": "USD",
            "totalRevenue": "0",
            "totalOperatingExpense": "0",
            "costOfRevenue": "974000",
            "grossProfit": "0",
            "ebit": "0",
            "netIncome": "777000",
            "researchAndDevelopment": "0",
            "effectOfAccountingCharges": "0",
            "incomeBeforeTax": "1085000",
            "minorityInterest": "0",
            "sellingGeneralAdministrative": "1930000",
            "otherNonOperatingIncome": "None",
            "operatingIncome": "1886000",
            "otherOperatingExpense": "0",
            "interestExpense": "0",
            "taxProvision": "None",
            "interestIncome": "None",
            "netInterestIncome": "None",
            "extraordinaryItems": "0",
            "nonRecurring": "0",
            "otherItems": "0",
            "incomeTaxExpense": "308000",
            "totalOtherIncomeExpense": "0",
            "discontinuedOperations": "0",
            "netIncomeFromContinuingOperations": "0",
            "netIncomeApplicableToCommonShares": "777000",
            "preferredStockAndOtherAdjustments": "None"
        },
        {
            "fiscalDateEnding": "2016-03-31",
            "reportedCurrency": "USD",
            "totalRevenue": "0",
            "totalOperatingExpense": "0",
            "costOfRevenue": "924000",
            "grossProfit": "0",
            "ebit": "0",
            "netIncome": "548000",
            "researchAndDevelopment": "0",
            "effectOfAccountingCharges": "0",
            "incomeBeforeTax": "855000",
            "minorityInterest": "0",
            "sellingGeneralAdministrative": "1929000",
            "otherNonOperatingIncome": "None",
            "operatingIncome": "1641000",
            "otherOperatingExpense": "0",
            "interestExpense": "0",
            "taxProvision": "None",
            "interestIncome": "None",
            "netInterestIncome": "None",
            "extraordinaryItems": "0",
            "nonRecurring": "0",
            "otherItems": "0",
            "incomeTaxExpense": "307000",
            "totalOtherIncomeExpense": "0",
            "discontinuedOperations": "0",
            "netIncomeFromContinuingOperations": "0",
            "netIncomeApplicableToCommonShares": "548000",
            "preferredStockAndOtherAdjustments": "None"
        },
        {
            "fiscalDateEnding": "2015-12-31",
            "reportedCurrency": "USD",
            "totalRevenue": "0",
            "totalOperatingExpense": "0",
            "costOfRevenue": "800000",
            "grossProfit": "0",
            "ebit": "0",
            "netIncome": "413000",
            "researchAndDevelopment": "0",
            "effectOfAccountingCharges": "0",
            "incomeBeforeTax": "634000",
            "minorityInterest": "0",
            "sellingGeneralAdministrative": "1965000",
            "otherNonOperatingIncome": "None",
            "operatingIncome": "1488000",
            "otherOperatingExpense": "0",
            "interestExpense": "0",
            "taxProvision": "None",
            "interestIncome": "None",
            "netInterestIncome": "None",
            "extraordinaryItems": "0",
            "nonRecurring": "0",
            "otherItems": "0",
            "incomeTaxExpense": "221000",
            "totalOtherIncomeExpense": "0",
            "discontinuedOperations": "0",
            "netIncomeFromContinuingOperations": "0",
            "netIncomeApplicableToCommonShares": "413000",
            "preferredStockAndOtherAdjustments": "None"
        },
        {
            "fiscalDateEnding": "2015-09-30",
            "reportedCurrency": "USD",
            "totalRevenue": "13459000",
            "totalOperatingExpense": "12839000",
            "costOfRevenue": "957000",
            "grossProfit": "13459000",
            "ebit": "0",
            "netIncome": "13000",
            "researchAndDevelopment": "0",
            "effectOfAccountingCharges": "0",
            "incomeBeforeTax": "43000",
            "minorityInterest": "0",
            "sellingGeneralAdministrative": "2481000",
            "otherNonOperatingIncome": "None",
            "operatingIncome": "763000",
            "otherOperatingExpense": "1528000",
            "interestExpense": "3430000",
            "taxProvision": "None",
            "interestIncome": "None",
            "netInterestIncome": "None",
            "extraordinaryItems": "0",
            "nonRecurring": "0",
            "otherItems": "0",
            "incomeTaxExpense": "30000",
            "totalOtherIncomeExpense": "1728000",
            "discontinuedOperations": "0",
            "netIncomeFromContinuingOperations": "2232000",
            "netIncomeApplicableToCommonShares": "13000",
            "preferredStockAndOtherAdjustments": "None"
        },
        {
            "fiscalDateEnding": "2015-06-30",
            "reportedCurrency": "USD",
            "totalRevenue": "0",
            "totalOperatingExpense": "0",
            "costOfRevenue": "1061000",
            "grossProfit": "0",
            "ebit": "0",
            "netIncome": "47000",
            "researchAndDevelopment": "0",
            "effectOfAccountingCharges": "0",
            "incomeBeforeTax": "7000",
            "minorityInterest": "0",
            "sellingGeneralAdministrative": "2256000",
            "otherNonOperatingIncome": "None",
            "operatingIncome": "868000",
            "otherOperatingExpense": "0",
            "interestExpense": "0",
            "taxProvision": "None",
            "interestIncome": "None",
            "netInterestIncome": "None",
            "extraordinaryItems": "0",
            "nonRecurring": "0",
            "otherItems": "0",
            "incomeTaxExpense": "0",
            "totalOtherIncomeExpense": "0",
            "discontinuedOperations": "0",
            "netIncomeFromContinuingOperations": "0",
            "netIncomeApplicableToCommonShares": "47000",
            "preferredStockAndOtherAdjustments": "None"
        }
    ]
}