{
    "symbol": "PFSI",
    "annualReports": [
        {
            "fiscalDateEnding": "2019-12-31",
            "reportedCurrency": "USD",
            "totalRevenue": "1477404000",
            "totalOperatingExpense": "915214000",
            "costOfRevenue": "785493000",
            "grossProfit": "691911000",
            "ebit": "1171230000",
            "netIncome": "392965000",
            "researchAndDevelopment": "None",
            "effectOfAccountingCharges": "None",
            "incomeBeforeTax": "529444000",
            "minorityInterest": "None",
            "sellingGeneralAdministrative": "129721000",
            "otherNonOperatingIncome": "None",
            "operatingIncome": "562190000",
            "otherOperatingExpense": "616050000",
            "interestExpense": "None",
            "taxProvision": "136479000",
            "interestIncome": "None",
            "netInterestIncome": "None",
            "extraordinaryItems": "None",
            "nonRecurring": "None",
            "otherItems": "None",
            "incomeTaxExpense": "136479000",
            "totalOtherIncomeExpense": "-32746000",
            "discontinuedOperations": "None",
            "netIncomeFromContinuingOperations": "392965000",
            "netIncomeApplicableToCommonShares": "392965000",
            "preferredStockAndOtherAdjustments": "None"
        },
        {
            "fiscalDateEnding": "2018-12-31",
            "reportedCurrency": "USD",
            "totalRevenue": "984629000",
            "totalOperatingExpense": "690849000",
            "costOfRevenue": "567772000",
            "grossProfit": "416857000",
            "ebit": "552594000",
            "netIncome": "87694000",
            "researchAndDevelopment": "0",
            "effectOfAccountingCharges": "None",
            "incomeBeforeTax": "267697000",
            "minorityInterest": "None",
            "sellingGeneralAdministrative": "123077000",
            "otherNonOperatingIncome": "None",
            "operatingIncome": "293780000",
            "otherOperatingExpense": "279590000",
            "interestExpense": "144597000",
            "taxProvision": "23254000",
            "interestIncome": "216416000",
            "netInterestIncome": "-144597000",
            "extraordinaryItems": "None",
            "nonRecurring": "None",
            "otherItems": "None",
            "incomeTaxExpense": "23254000",
            "totalOtherIncomeExpense": "-26083000",
            "discontinuedOperations": "None",
            "netIncomeFromContinuingOperations": "244443000",
            "netIncomeApplicableToCommonShares": "87694000",
            "preferredStockAndOtherAdjustments": "None"
        },
        {
            "fiscalDateEnding": "2017-12-31",
            "reportedCurrency": "USD",
            "totalRevenue": "955463000",
            "totalOperatingExpense": "598437000",
            "costOfRevenue": "496846000",
            "grossProfit": "458617000",
            "ebit": "638659000",
            "netIncome": "100757000",
            "researchAndDevelopment": "0",
            "effectOfAccountingCharges": "None",
            "incomeBeforeTax": "335909000",
            "minorityInterest": "1250263000",
            "sellingGeneralAdministrative": "101591000",
            "otherNonOperatingIncome": "None",
            "operatingIncome": "357026000",
            "otherOperatingExpense": "303379000",
            "interestExpense": "144520000",
            "taxProvision": "24387000",
            "interestIncome": "143179000",
            "netInterestIncome": "-1341000",
            "extraordinaryItems": "13700000",
            "nonRecurring": "93559000",
            "otherItems": "None",
            "incomeTaxExpense": "24387000",
            "totalOtherIncomeExpense": "-21117000",
            "discontinuedOperations": "None",
            "netIncomeFromContinuingOperations": "311522000",
            "netIncomeApplicableToCommonShares": "100757000",
            "preferredStockAndOtherAdjustments": "None"
        },
        {
            "fiscalDateEnding": "2016-12-31",
            "reportedCurrency": "USD",
            "totalRevenue": "931887000",
            "totalOperatingExpense": "503938000",
            "costOfRevenue": "450538000",
            "grossProfit": "481349000",
            "ebit": "734073000",
            "netIncome": "66079000",
            "researchAndDevelopment": "0",
            "effectOfAccountingCharges": "None",
            "incomeBeforeTax": "383083000",
            "minorityInterest": "1052033000",
            "sellingGeneralAdministrative": "53400000",
            "otherNonOperatingIncome": "None",
            "operatingIncome": "427949000",
            "otherOperatingExpense": "262332000",
            "interestExpense": "106206000",
            "taxProvision": "46103000",
            "interestIncome": "81127000",
            "netInterestIncome": "-106206000",
            "extraordinaryItems": "None",
            "nonRecurring": "80312000",
            "otherItems": "None",
            "incomeTaxExpense": "46103000",
            "totalOtherIncomeExpense": "-44866000",
            "discontinuedOperations": "None",
            "netIncomeFromContinuingOperations": "336980000",
            "netIncomeApplicableToCommonShares": "66079000",
            "preferredStockAndOtherAdjustments": "None"
        },
        {
            "fiscalDateEnding": "2015-12-31",
            "reportedCurrency": "USD",
            "totalRevenue": "938379000",
            "totalOperatingExpense": "549609000",
            "costOfRevenue": "68537000",
            "grossProfit": "869842000",
            "ebit": "0",
            "netIncome": "47228000",
            "researchAndDevelopment": "0",
            "effectOfAccountingCharges": "None",
            "incomeBeforeTax": "279193000",
            "minorityInterest": "791524000",
            "sellingGeneralAdministrative": "400380000",
            "otherNonOperatingIncome": "None",
            "operatingIncome": "278986000",
            "otherOperatingExpense": "135509000",
            "interestExpense": "68537000",
            "taxProvision": "31635000",
            "interestIncome": "207000",
            "netInterestIncome": "None",
            "extraordinaryItems": "None",
            "nonRecurring": "62377000",
            "otherItems": "None",
            "incomeTaxExpense": "31635000",
            "totalOtherIncomeExpense": "-39132000",
            "discontinuedOperations": "None",
            "netIncomeFromContinuingOperations": "247558000",
            "netIncomeApplicableToCommonShares": "47228000",
            "preferredStockAndOtherAdjustments": "None"
        }
    ],
    "quarterlyReports": [
        {
            "fiscalDateEnding": "2020-06-30",
            "reportedCurrency": "USD",
            "totalRevenue": "821634000",
            "totalOperatingExpense": "330008000",
            "costOfRevenue": "287310000",
            "grossProfit": "534324000",
            "ebit": "500031000",
            "netIncome": "352677000",
            "researchAndDevelopment": "None",
            "effectOfAccountingCharges": "None",
            "incomeBeforeTax": "480362000",
            "minorityInterest": "None",
            "sellingGeneralAdministrative": "42698000",
            "otherNonOperatingIncome": "None",
            "operatingIncome": "491626000",
            "otherOperatingExpense": "231885000",
            "interestExpense": "None",
            "taxProvision": "127685000",
            "interestIncome": "None",
            "netInterestIncome": "None",
            "extraordinaryItems": "None",
            "nonRecurring": "None",
            "otherItems": "None",
            "incomeTaxExpense": "127685000",
            "totalOtherIncomeExpense": "-11264000",
            "discontinuedOperations": "None",
            "netIncomeFromContinuingOperations": "352677000",
            "netIncomeApplicableToCommonShares": "352677000",
            "preferredStockAndOtherAdjustments": "None"
        },
        {
            "fiscalDateEnding": "2020-03-31",
            "reportedCurrency": "USD",
            "totalRevenue": "721825000",
            "totalOperatingExpense": "297155000",
            "costOfRevenue": "256606000",
            "grossProfit": "465219000",
            "ebit": "433007000",
            "netIncome": "306243000",
            "researchAndDevelopment": "None",
            "effectOfAccountingCharges": "None",
            "incomeBeforeTax": "414730000",
            "minorityInterest": "None",
            "sellingGeneralAdministrative": "40549000",
            "otherNonOperatingIncome": "None",
            "operatingIncome": "424670000",
            "otherOperatingExpense": "-5232000",
            "interestExpense": "None",
            "taxProvision": "108487000",
            "interestIncome": "None",
            "netInterestIncome": "None",
            "extraordinaryItems": "None",
            "nonRecurring": "None",
            "otherItems": "None",
            "incomeTaxExpense": "108487000",
            "totalOtherIncomeExpense": "-9940000",
            "discontinuedOperations": "None",
            "netIncomeFromContinuingOperations": "306243000",
            "netIncomeApplicableToCommonShares": "306243000",
            "preferredStockAndOtherAdjustments": "None"
        },
        {
            "fiscalDateEnding": "2019-12-31",
            "reportedCurrency": "USD",
            "totalRevenue": "490375000",
            "totalOperatingExpense": "277754000",
            "costOfRevenue": "243415000",
            "grossProfit": "246960000",
            "ebit": "803753000",
            "netIncome": "152661000",
            "researchAndDevelopment": "None",
            "effectOfAccountingCharges": "None",
            "incomeBeforeTax": "203366000",
            "minorityInterest": "None",
            "sellingGeneralAdministrative": "34339000",
            "otherNonOperatingIncome": "None",
            "operatingIncome": "212621000",
            "otherOperatingExpense": "157043000",
            "interestExpense": "None",
            "taxProvision": "50705000",
            "interestIncome": "None",
            "netInterestIncome": "None",
            "extraordinaryItems": "None",
            "nonRecurring": "None",
            "otherItems": "None",
            "incomeTaxExpense": "50705000",
            "totalOtherIncomeExpense": "-9255000",
            "discontinuedOperations": "None",
            "netIncomeFromContinuingOperations": "152661000",
            "netIncomeApplicableToCommonShares": "152661000",
            "preferredStockAndOtherAdjustments": "None"
        },
        {
            "fiscalDateEnding": "2019-09-30",
            "reportedCurrency": "USD",
            "totalRevenue": "436347000",
            "totalOperatingExpense": "261216000",
            "costOfRevenue": "223892000",
            "grossProfit": "212455000",
            "ebit": "181553000",
            "netIncome": "121473000",
            "researchAndDevelopment": "None",
            "effectOfAccountingCharges": "None",
            "incomeBeforeTax": "166197000",
            "minorityInterest": "None",
            "sellingGeneralAdministrative": "37324000",
            "otherNonOperatingIncome": "None",
            "operatingIncome": "175131000",
            "otherOperatingExpense": "167466000",
            "interestExpense": "56380000",
            "taxProvision": "44724000",
            "interestIncome": "None",
            "netInterestIncome": "-56380000",
            "extraordinaryItems": "None",
            "nonRecurring": "None",
            "otherItems": "None",
            "incomeTaxExpense": "44724000",
            "totalOtherIncomeExpense": "-8934000",
            "discontinuedOperations": "None",
            "netIncomeFromContinuingOperations": "121473000",
            "netIncomeApplicableToCommonShares": "121473000",
            "preferredStockAndOtherAdjustments": "None"
        },
        {
            "fiscalDateEnding": "2019-06-30",
            "reportedCurrency": "USD",
            "totalRevenue": "302977000",
            "totalOperatingExpense": "196231000",
            "costOfRevenue": "166796000",
            "grossProfit": "136181000",
            "ebit": "112714000",
            "netIncome": "72696000",
            "researchAndDevelopment": "None",
            "effectOfAccountingCharges": "None",
            "incomeBeforeTax": "99590000",
            "minorityInterest": "None",
            "sellingGeneralAdministrative": "29435000",
            "otherNonOperatingIncome": "None",
            "operatingIncome": "106746000",
            "otherOperatingExpense": "165608000",
            "interestExpense": "52924000",
            "taxProvision": "26894000",
            "interestIncome": "None",
            "netInterestIncome": "-52924000",
            "extraordinaryItems": "None",
            "nonRecurring": "None",
            "otherItems": "None",
            "incomeTaxExpense": "26894000",
            "totalOtherIncomeExpense": "-7156000",
            "discontinuedOperations": "None",
            "netIncomeFromContinuingOperations": "72696000",
            "netIncomeApplicableToCommonShares": "72696000",
            "preferredStockAndOtherAdjustments": "None"
        },
        {
            "fiscalDateEnding": "2019-03-31",
            "reportedCurrency": "USD",
            "totalRevenue": "408105000",
            "totalOperatingExpense": "181338000",
            "costOfRevenue": "37543000",
            "grossProfit": "370562000",
            "ebit": "71885000",
            "netIncome": "46135000",
            "researchAndDevelopment": "None",
            "effectOfAccountingCharges": "None",
            "incomeBeforeTax": "60291000",
            "minorityInterest": "None",
            "sellingGeneralAdministrative": "181338000",
            "otherNonOperatingIncome": "None",
            "operatingIncome": "60291000",
            "otherOperatingExpense": "124608000",
            "interestExpense": "37543000",
            "taxProvision": "14156000",
            "interestIncome": "None",
            "netInterestIncome": "-37543000",
            "extraordinaryItems": "None",
            "nonRecurring": "None",
            "otherItems": "None",
            "incomeTaxExpense": "14156000",
            "totalOtherIncomeExpense": "-6076000",
            "discontinuedOperations": "None",
            "netIncomeFromContinuingOperations": "46135000",
            "netIncomeApplicableToCommonShares": "46135000",
            "preferredStockAndOtherAdjustments": "None"
        },
        {
            "fiscalDateEnding": "2018-12-31",
            "reportedCurrency": "USD",
            "totalRevenue": "338858000",
            "totalOperatingExpense": "281678000",
            "costOfRevenue": "54454000",
            "grossProfit": "284404000",
            "ebit": "0",
            "netIncome": "38749000",
            "researchAndDevelopment": "0",
            "effectOfAccountingCharges": "0",
            "incomeBeforeTax": "58306000",
            "minorityInterest": "-1375864000",
            "sellingGeneralAdministrative": "132286000",
            "otherNonOperatingIncome": "None",
            "operatingIncome": "57180000",
            "otherOperatingExpense": "94938000",
            "interestExpense": "105822000",
            "taxProvision": "None",
            "interestIncome": "None",
            "netInterestIncome": "None",
            "extraordinaryItems": "0",
            "nonRecurring": "0",
            "otherItems": "0",
            "incomeTaxExpense": "5346000",
            "totalOtherIncomeExpense": "1126000",
            "discontinuedOperations": "0",
            "netIncomeFromContinuingOperations": "52960000",
            "netIncomeApplicableToCommonShares": "38749000",
            "preferredStockAndOtherAdjustments": "None"
        },
        {
            "fiscalDateEnding": "2018-09-30",
            "reportedCurrency": "USD",
            "totalRevenue": "315294000",
            "totalOperatingExpense": "253597000",
            "costOfRevenue": "48000000",
            "grossProfit": "267294000",
            "ebit": "0",
            "netIncome": "14489000",
            "researchAndDevelopment": "0",
            "effectOfAccountingCharges": "0",
            "incomeBeforeTax": "61697000",
            "minorityInterest": "1375864000",
            "sellingGeneralAdministrative": "135146000",
            "otherNonOperatingIncome": "None",
            "operatingIncome": "61697000",
            "otherOperatingExpense": "70451000",
            "interestExpense": "38775000",
            "taxProvision": "None",
            "interestIncome": "None",
            "netInterestIncome": "None",
            "extraordinaryItems": "0",
            "nonRecurring": "0",
            "otherItems": "0",
            "incomeTaxExpense": "5545000",
            "totalOtherIncomeExpense": "0",
            "discontinuedOperations": "0",
            "netIncomeFromContinuingOperations": "56152000",
            "netIncomeApplicableToCommonShares": "14489000",
            "preferredStockAndOtherAdjustments": "None"
        },
        {
            "fiscalDateEnding": "2018-06-30",
            "reportedCurrency": "USD",
            "totalRevenue": "292538000",
            "totalOperatingExpense": "217840000",
            "costOfRevenue": "33634000",
            "grossProfit": "258904000",
            "ebit": "0",
            "netIncome": "17837000",
            "researchAndDevelopment": "0",
            "effectOfAccountingCharges": "0",
            "incomeBeforeTax": "74698000",
            "minorityInterest": "1332049000",
            "sellingGeneralAdministrative": "128006000",
            "otherNonOperatingIncome": "None",
            "operatingIncome": "74698000",
            "otherOperatingExpense": "56200000",
            "interestExpense": "32616000",
            "taxProvision": "None",
            "interestIncome": "None",
            "netInterestIncome": "None",
            "extraordinaryItems": "0",
            "nonRecurring": "-22617000",
            "otherItems": "0",
            "incomeTaxExpense": "6293000",
            "totalOtherIncomeExpense": "0",
            "discontinuedOperations": "0",
            "netIncomeFromContinuingOperations": "68405000",
            "netIncomeApplicableToCommonShares": "17837000",
            "preferredStockAndOtherAdjustments": "None"
        },
        {
            "fiscalDateEnding": "2018-03-31",
            "reportedCurrency": "USD",
            "totalRevenue": "282113000",
            "totalOperatingExpense": "209117000",
            "costOfRevenue": "28414000",
            "grossProfit": "253699000",
            "ebit": "0",
            "netIncome": "16619000",
            "researchAndDevelopment": "0",
            "effectOfAccountingCharges": "0",
            "incomeBeforeTax": "72996000",
            "minorityInterest": "1290588000",
            "sellingGeneralAdministrative": "130909000",
            "otherNonOperatingIncome": "None",
            "operatingIncome": "72996000",
            "otherOperatingExpense": "49794000",
            "interestExpense": "36745000",
            "taxProvision": "None",
            "interestIncome": "None",
            "netInterestIncome": "None",
            "extraordinaryItems": "0",
            "nonRecurring": "22617000",
            "otherItems": "0",
            "incomeTaxExpense": "6070000",
            "totalOtherIncomeExpense": "0",
            "discontinuedOperations": "0",
            "netIncomeFromContinuingOperations": "66926000",
            "netIncomeApplicableToCommonShares": "16619000",
            "preferredStockAndOtherAdjustments": "None"
        },
        {
            "fiscalDateEnding": "2017-12-31",
            "reportedCurrency": "USD",
            "totalRevenue": "302311000",
            "totalOperatingExpense": "1578570000",
            "costOfRevenue": "122940000",
            "grossProfit": "762036000",
            "ebit": "-915060000",
            "netIncome": "62318000",
            "researchAndDevelopment": "0",
            "effectOfAccountingCharges": "0",
            "incomeBeforeTax": "121773000",
            "minorityInterest": "61580000",
            "sellingGeneralAdministrative": "348333000",
            "otherNonOperatingIncome": "None",
            "operatingIncome": "125450000",
            "otherOperatingExpense": "607105000",
            "interestExpense": "35677000",
            "taxProvision": "None",
            "interestIncome": "None",
            "netInterestIncome": "None",
            "extraordinaryItems": "0",
            "nonRecurring": "-13576000",
            "otherItems": "0",
            "incomeTaxExpense": "12735000",
            "totalOtherIncomeExpense": "26087000",
            "discontinuedOperations": "0",
            "netIncomeFromContinuingOperations": "323224000",
            "netIncomeApplicableToCommonShares": "62318000",
            "preferredStockAndOtherAdjustments": "None"
        },
        {
            "fiscalDateEnding": "2017-09-30",
            "reportedCurrency": "USD",
            "totalRevenue": "293127000",
            "totalOperatingExpense": "-923884000",
            "costOfRevenue": "105931000",
            "grossProfit": "295506000",
            "ebit": "1372590000",
            "netIncome": "17081000",
            "researchAndDevelopment": "0",
            "effectOfAccountingCharges": "0",
            "incomeBeforeTax": "94144000",
            "minorityInterest": "65411000",
            "sellingGeneralAdministrative": "111979000",
            "otherNonOperatingIncome": "None",
            "operatingIncome": "136636000",
            "otherOperatingExpense": "-421967000",
            "interestExpense": "42492000",
            "taxProvision": "None",
            "interestIncome": "None",
            "netInterestIncome": "None",
            "extraordinaryItems": "0",
            "nonRecurring": "201488000",
            "otherItems": "0",
            "incomeTaxExpense": "11652000",
            "totalOtherIncomeExpense": "0",
            "discontinuedOperations": "0",
            "netIncomeFromContinuingOperations": "-8053000",
            "netIncomeApplicableToCommonShares": "17081000",
            "preferredStockAndOtherAdjustments": "None"
        },
        {
            "fiscalDateEnding": "2017-06-30",
            "reportedCurrency": "USD",
            "totalRevenue": "238598000",
            "totalOperatingExpense": "231159000",
            "costOfRevenue": "98317000",
            "grossProfit": "0",
            "ebit": "-549036000",
            "netIncome": "10479000",
            "researchAndDevelopment": "0",
            "effectOfAccountingCharges": "0",
            "incomeBeforeTax": "57960000",
            "minorityInterest": "40267000",
            "sellingGeneralAdministrative": "0",
            "otherNonOperatingIncome": "None",
            "operatingIncome": "94837000",
            "otherOperatingExpense": "102270000",
            "interestExpense": "36877000",
            "taxProvision": "None",
            "interestIncome": "None",
            "netInterestIncome": "None",
            "extraordinaryItems": "0",
            "nonRecurring": "-120893000",
            "otherItems": "0",
            "incomeTaxExpense": "7214000",
            "totalOtherIncomeExpense": "0",
            "discontinuedOperations": "0",
            "netIncomeFromContinuingOperations": "-14528000",
            "netIncomeApplicableToCommonShares": "10479000",
            "preferredStockAndOtherAdjustments": "None"
        },
        {
            "fiscalDateEnding": "2017-03-31",
            "reportedCurrency": "USD",
            "totalRevenue": "233947000",
            "totalOperatingExpense": "0",
            "costOfRevenue": "102670000",
            "grossProfit": "0",
            "ebit": "91506000",
            "netIncome": "10879000",
            "researchAndDevelopment": "0",
            "effectOfAccountingCharges": "0",
            "incomeBeforeTax": "62032000",
            "minorityInterest": "43507000",
            "sellingGeneralAdministrative": "0",
            "otherNonOperatingIncome": "None",
            "operatingIncome": "91506000",
            "otherOperatingExpense": "0",
            "interestExpense": "29474000",
            "taxProvision": "None",
            "interestIncome": "None",
            "netInterestIncome": "None",
            "extraordinaryItems": "0",
            "nonRecurring": "26540000",
            "otherItems": "0",
            "incomeTaxExpense": "7646000",
            "totalOtherIncomeExpense": "0",
            "discontinuedOperations": "0",
            "netIncomeFromContinuingOperations": "10879000",
            "netIncomeApplicableToCommonShares": "10879000",
            "preferredStockAndOtherAdjustments": "None"
        },
        {
            "fiscalDateEnding": "2016-12-31",
            "reportedCurrency": "USD",
            "totalRevenue": "321522000",
            "totalOperatingExpense": "788674000",
            "costOfRevenue": "118864000",
            "grossProfit": "1123308000",
            "ebit": "-129434000",
            "netIncome": "22744000",
            "researchAndDevelopment": "0",
            "effectOfAccountingCharges": "0",
            "incomeBeforeTax": "129408000",
            "minorityInterest": "91096000",
            "sellingGeneralAdministrative": "417957000",
            "otherNonOperatingIncome": "None",
            "operatingIncome": "161645000",
            "otherOperatingExpense": "262332000",
            "interestExpense": "32237000",
            "taxProvision": "None",
            "interestIncome": "None",
            "netInterestIncome": "None",
            "extraordinaryItems": "0",
            "nonRecurring": "-40245000",
            "otherItems": "0",
            "incomeTaxExpense": "15568000",
            "totalOtherIncomeExpense": "-59936000",
            "discontinuedOperations": "0",
            "netIncomeFromContinuingOperations": "333920000",
            "netIncomeApplicableToCommonShares": "22744000",
            "preferredStockAndOtherAdjustments": "None"
        },
        {
            "fiscalDateEnding": "2016-09-30",
            "reportedCurrency": "USD",
            "totalRevenue": "318911000",
            "totalOperatingExpense": "0",
            "costOfRevenue": "110196000",
            "grossProfit": "0",
            "ebit": "275340000",
            "netIncome": "23685000",
            "researchAndDevelopment": "0",
            "effectOfAccountingCharges": "0",
            "incomeBeforeTax": "139278000",
            "minorityInterest": "98617000",
            "sellingGeneralAdministrative": "0",
            "otherNonOperatingIncome": "None",
            "operatingIncome": "166794000",
            "otherOperatingExpense": "0",
            "interestExpense": "27516000",
            "taxProvision": "None",
            "interestIncome": "None",
            "netInterestIncome": "None",
            "extraordinaryItems": "0",
            "nonRecurring": "199865000",
            "otherItems": "0",
            "incomeTaxExpense": "16976000",
            "totalOtherIncomeExpense": "0",
            "discontinuedOperations": "0",
            "netIncomeFromContinuingOperations": "14460000",
            "netIncomeApplicableToCommonShares": "23685000",
            "preferredStockAndOtherAdjustments": "None"
        },
        {
            "fiscalDateEnding": "2016-06-30",
            "reportedCurrency": "USD",
            "totalRevenue": "233272000",
            "totalOperatingExpense": "0",
            "costOfRevenue": "89300000",
            "grossProfit": "0",
            "ebit": "-197032000",
            "netIncome": "14475000",
            "researchAndDevelopment": "0",
            "effectOfAccountingCharges": "0",
            "incomeBeforeTax": "84258000",
            "minorityInterest": "59820000",
            "sellingGeneralAdministrative": "0",
            "otherNonOperatingIncome": "None",
            "operatingIncome": "109724000",
            "otherOperatingExpense": "0",
            "interestExpense": "25466000",
            "taxProvision": "None",
            "interestIncome": "None",
            "netInterestIncome": "None",
            "extraordinaryItems": "0",
            "nonRecurring": "-99652000",
            "otherItems": "0",
            "incomeTaxExpense": "9963000",
            "totalOtherIncomeExpense": "0",
            "discontinuedOperations": "0",
            "netIncomeFromContinuingOperations": "-16575000",
            "netIncomeApplicableToCommonShares": "14475000",
            "preferredStockAndOtherAdjustments": "None"
        },
        {
            "fiscalDateEnding": "2016-03-31",
            "reportedCurrency": "USD",
            "totalRevenue": "164388000",
            "totalOperatingExpense": "0",
            "costOfRevenue": "83936000",
            "grossProfit": "0",
            "ebit": "51126000",
            "netIncome": "5175000",
            "researchAndDevelopment": "0",
            "effectOfAccountingCharges": "0",
            "incomeBeforeTax": "30139000",
            "minorityInterest": "21368000",
            "sellingGeneralAdministrative": "0",
            "otherNonOperatingIncome": "None",
            "operatingIncome": "51126000",
            "otherOperatingExpense": "0",
            "interestExpense": "20987000",
            "taxProvision": "None",
            "interestIncome": "None",
            "netInterestIncome": "None",
            "extraordinaryItems": "0",
            "nonRecurring": "20344000",
            "otherItems": "0",
            "incomeTaxExpense": "3596000",
            "totalOtherIncomeExpense": "0",
            "discontinuedOperations": "0",
            "netIncomeFromContinuingOperations": "5175000",
            "netIncomeApplicableToCommonShares": "5175000",
            "preferredStockAndOtherAdjustments": "None"
        },
        {
            "fiscalDateEnding": "2015-12-31",
            "reportedCurrency": "USD",
            "totalRevenue": "206655000",
            "totalOperatingExpense": "549609000",
            "costOfRevenue": "82383000",
            "grossProfit": "782453000",
            "ebit": "0",
            "netIncome": "12771000",
            "researchAndDevelopment": "0",
            "effectOfAccountingCharges": "0",
            "incomeBeforeTax": "77233000",
            "minorityInterest": "56135000",
            "sellingGeneralAdministrative": "328619000",
            "otherNonOperatingIncome": "None",
            "operatingIncome": "96648000",
            "otherOperatingExpense": "135509000",
            "interestExpense": "19415000",
            "taxProvision": "None",
            "interestIncome": "None",
            "netInterestIncome": "None",
            "extraordinaryItems": "0",
            "nonRecurring": "62377000",
            "otherItems": "0",
            "incomeTaxExpense": "8327000",
            "totalOtherIncomeExpense": "-39132000",
            "discontinuedOperations": "0",
            "netIncomeFromContinuingOperations": "247558000",
            "netIncomeApplicableToCommonShares": "12771000",
            "preferredStockAndOtherAdjustments": "None"
        },
        {
            "fiscalDateEnding": "2015-09-30",
            "reportedCurrency": "USD",
            "totalRevenue": "210149000",
            "totalOperatingExpense": "0",
            "costOfRevenue": "95086000",
            "grossProfit": "0",
            "ebit": "0",
            "netIncome": "12680000",
            "researchAndDevelopment": "0",
            "effectOfAccountingCharges": "0",
            "incomeBeforeTax": "73923000",
            "minorityInterest": "52668000",
            "sellingGeneralAdministrative": "0",
            "otherNonOperatingIncome": "None",
            "operatingIncome": "94867000",
            "otherOperatingExpense": "0",
            "interestExpense": "20944000",
            "taxProvision": "None",
            "interestIncome": "None",
            "netInterestIncome": "None",
            "extraordinaryItems": "0",
            "nonRecurring": "0",
            "otherItems": "0",
            "incomeTaxExpense": "8575000",
            "totalOtherIncomeExpense": "0",
            "discontinuedOperations": "0",
            "netIncomeFromContinuingOperations": "0",
            "netIncomeApplicableToCommonShares": "12680000",
            "preferredStockAndOtherAdjustments": "None"
        },
        {
            "fiscalDateEnding": "2015-06-30",
            "reportedCurrency": "USD",
            "totalRevenue": "212700000",
            "totalOperatingExpense": "0",
            "costOfRevenue": "106542000",
            "grossProfit": "0",
            "ebit": "0",
            "netIncome": "12749000",
            "researchAndDevelopment": "0",
            "effectOfAccountingCharges": "0",
            "incomeBeforeTax": "74799000",
            "minorityInterest": "53431000",
            "sellingGeneralAdministrative": "0",
            "otherNonOperatingIncome": "None",
            "operatingIncome": "91148000",
            "otherOperatingExpense": "0",
            "interestExpense": "16349000",
            "taxProvision": "None",
            "interestIncome": "None",
            "netInterestIncome": "None",
            "extraordinaryItems": "0",
            "nonRecurring": "0",
            "otherItems": "0",
            "incomeTaxExpense": "8619000",
            "totalOtherIncomeExpense": "0",
            "discontinuedOperations": "0",
            "netIncomeFromContinuingOperations": "0",
            "netIncomeApplicableToCommonShares": "12749000",
            "preferredStockAndOtherAdjustments": "None"
        }
    ]
}